@article{Li_Sun_2023, title={Predicting stock market returns using aggregate credit risk}, volume={88}, DOI={10.1016/j.iref.2023.07.039}, journal={International Review of Economics \& Finance}, author={Li, Tangrong and Sun, Xuchu}, year={2023}, month={Nov}, pages={1087–1103}} 

@article{Shen_Griffith_Najand_Sun_2021, title={Predicting stock and bond market returns with emotions: Evidence from futures markets}, volume={24}, DOI={10.1080/15427560.2021.1975717}, number={3}, journal={Journal of Behavioral Finance}, author={Shen, Jiancheng and Griffith, John and Najand, Mohammad and Sun, Licheng}, year={2021}, month={Sep}, pages={333–344}} 

}

@article{Koo_Kim_2022, title={A new neural network approach for predicting the volatility of stock market}, volume={61}, DOI={10.1007/s10614-022-10261-7}, number={4}, journal={Computational Economics}, author={Koo, Eunho and Kim, Geonwoo}, year={2022}, month={Apr}, pages={1665–1679}} 

@article{Cai_Stander_2019, title={The threshold GARCH model: Estimation and density forecasting for financial returns*}, volume={18}, DOI={10.1093/jjfinec/nbz014}, number={2}, journal={Journal of Financial Econometrics}, author={Cai, Yuzhi and Stander, Julian}, year={2019}, month={May}, pages={395–424}} 


@article{Tripathy_2022, title={Predicting stock market price using neural network model}, DOI={10.4018/978-1-6684-2408-7.ch068}, journal={Research Anthology on Artificial Neural Network Applications}, author={Tripathy, Naliniprava}, year={2022}, pages={1414–1426}} 

@article{Hansen_Lunde_2001, title={A forecast comparison of volatility models: Does anything beat a GARCH(1,1)?}, DOI={10.2139/ssrn.264571}, journal={SSRN Electronic Journal}, author={Hansen, Peter Reinhard and Lunde, Asger}, year={2001}} 

@Manual{Ghalanos_2014, author = {Alexios Ghalanos}, title = {{rugarch}: Univariate GARCH models.}, year = {2014}, note = {R package version 1.4-0.},}

@inproceedings{Wu2011ThresholdGM,
  title={Threshold GARCH Model: Theory and Application},
  author={Jing Wu},
  year={2011},
  url={https://api.semanticscholar.org/CorpusID:55644245}
}